<record><leader>00000cas a22000007a 4500</leader><controlfield tag="001">37339867</controlfield><controlfield tag="008">970723d19151934okuwr n       0    0eng d</controlfield><datafield ind1=" " ind2=" " tag="010"><subfield code="a">sn 97070133 </subfield></datafield><datafield ind1=" " ind2=" " tag="040"><subfield code="a">OBN</subfield><subfield code="b">eng</subfield><subfield code="c">OBN</subfield><subfield code="d">OCLCQ</subfield><subfield code="d">DLC</subfield><subfield code="d">OCLCF</subfield><subfield code="d">OCLCO</subfield></datafield><datafield ind1="1" ind2=" " tag="029"><subfield code="a">AU@</subfield><subfield code="b">000013414521</subfield></datafield><datafield ind1=" " ind2=" " tag="042"><subfield code="a">msc</subfield></datafield><datafield ind1="0" ind2=" " tag="130"><subfield code="a">American-democrat (Anadarko, Okla.)</subfield></datafield><datafield ind1="0" ind2="0" tag="245"><subfield code="a">American-democrat.</subfield></datafield><datafield ind1="3" ind2=" " tag="246"><subfield code="a">American democrat</subfield></datafield><datafield ind1=" " ind2=" " tag="260"><subfield code="a">Anadarko, Caddo County, Okla. :</subfield><subfield code="b">H.W. Smith</subfield></datafield><datafield ind1=" " ind2=" " tag="300"><subfield code="a">v.</subfield></datafield><datafield ind1=" " ind2=" " tag="310"><subfield code="a">Weekly</subfield></datafield><datafield ind1="1" ind2=" " tag="362"><subfield code="a">Ceased in 1934.</subfield></datafield><datafield ind1="0" ind2=" " tag="362"><subfield code="a">Vo. 4, no. 43 (July 1, 1915)- = v. 13, no. 49- =v. 17, no. 872-</subfield></datafield><datafield ind1=" " ind2="0" tag="651"><subfield code="a">Anadarko (Okla.)</subfield><subfield code="v">Newspapers.</subfield></datafield><datafield ind1=" " ind2="0" tag="651"><subfield code="a">Caddo County (Okla.)</subfield><subfield code="v">Newspapers.</subfield></datafield><datafield ind1=" " ind2="7" tag="655"><subfield code="a">Newspapers.</subfield><subfield code="2">fast</subfield><subfield code="0">(OCoLC)fst01423814</subfield></datafield><datafield ind1=" " ind2="7" tag="651"><subfield code="a">Oklahoma</subfield><subfield code="z">Anadarko.</subfield><subfield code="2">fast</subfield><subfield code="0">(OCoLC)fst01221651</subfield></datafield><datafield ind1=" " ind2="7" tag="651"><subfield code="a">Oklahoma</subfield><subfield code="z">Caddo County.</subfield><subfield code="2">fast</subfield><subfield code="0">(OCoLC)fst01223117</subfield></datafield><datafield ind1=" " ind2=" " tag="752"><subfield code="a">United States</subfield><subfield code="b">Oklahoma</subfield><subfield code="c">Caddo</subfield><subfield code="d">Anadarko.</subfield></datafield><datafield ind1="0" ind2="7" tag="780"><subfield code="t">Anadarko American</subfield><subfield code="w">(DLC)sn 97070132</subfield><subfield code="w">(OCoLC)37339818</subfield></datafield><datafield ind1="0" ind2="7" tag="780"><subfield code="t">Daily democrat (Anadarko, Okla. : 1914)</subfield><subfield code="x">2163-8489</subfield><subfield code="w">(DLC)sn 97070127</subfield><subfield code="w">(OCoLC)37339396</subfield></datafield><datafield ind1="0" ind2="0" tag="785"><subfield code="t">Daily American-democrat</subfield><subfield code="w">(DLC)sn 97070134</subfield><subfield code="w">(OCoLC)37339907</subfield></datafield></record>